%% This BibTeX bibliography file was created using BibDesk.
%% http://bibdesk.sourceforge.net/


%% Created for Timon HÃ¶bert at 2013-09-17 18:57:14 +0200


%% Saved with string encoding Unicode (UTF-8)


@online{myRepo,
	ALTauthor = {Java Dev},
	ALTeditor = {editor},
	date = {\today},
	url = {https://github.com/pkogler-tgm/Python-IPC-Projekt},
	howpublished = "\url{https://github.com/pkogler-tgm/Python-IPC-Projekt}",
}
@online{wiki,
	ALTauthor = {Java Dev},
	ALTeditor = {editor},
	date = {\today},
	url = {https://en.wikipedia.org/wiki/Load_balancing_(computing)#/media/File:Elasticsearch_Cluster_August_2014.png},
	howpublished = "\url{https://en.wikipedia.org/wiki/Load_balancing_(computing)#/media/File:Elasticsearch_Cluster_August_2014.png}",
}
@online{java-sec-basic,
	ALTauthor = {Java Dev},
	ALTeditor = {editor},
	date = {\today},
	url = {https://docs.oracle.com/javase/8/docs/technotes/guides/security/overview/jsoverview.html},
	howpublished = "\url{https://docs.oracle.com/javase/8/docs/technotes/guides/security/overview/jsoverview.html}",
}
@online{java-sec-crypto,
	ALTauthor = {Java Dev},
	ALTeditor = {editor},
	date = {\today},
	url = {https://docs.oracle.com/javase/8/docs/technotes/guides/security/overview/jsoverview.html},
	howpublished = "\url{https://docs.oracle.com/javase/8/docs/technotes/guides/security/overview/jsoverview.html}",
}

@online{ldap,
	ALTauthor = {Java Dev},
	ALTeditor = {editor},
	date = {\today},
	url = {https://www.digitalocean.com/community/tutorials/how-to-install-and-configure-a-basic-ldap-server-on-an-ubuntu-12-04-vps
	},
	howpublished = "\url{https://www.digitalocean.com/community/tutorials/how-to-install-and-configure-a-basic-ldap-server-on-an-ubuntu-12-04-vps
	}",
}
